
@book{Wolfram,
	address = {Champaign, IL},
	title = {A {New} {Kind} of {Science}},
	url = {http://www.wolframscience.com/nks/},
	urldate = {2023-01-16},
	publisher = {Wolfram Media},
	author = {Wolfram, Stephen},
	year = {2002},
}

@article{Turing,
	title = {On {Computable} {Numbers}, with an {Application} to the {Entscheidungsproblem}},
	volume = {42 (series 2)},
	doi = {10.1112/plms/s2-42.1.230},
	number = {1},
	urldate = {2018-11-14},
	journal = {Proceedings of the London Mathematical Society},
	author = {Turing, A. M.},
	year = {1937},
	pages = {230--265},
}

@incollection{Baaz_et_al,
	address = {Amsterdam et al.},
	title = {Normal {Form} {Transformations}},
	booktitle = {Handbook of {Automated} {Reasoning} {Vol}. {I}},
	publisher = {Elsevier and MIT Press},
	author = {Baaz, Matthias and Egly, Uwe and Leitsch, Alexander},
	editor = {Robinson, John Alan and Voronkov, Andrei},
	year = {2001},
	doi = {10.1016/B978-044450813-3/50007-2},
	pages = {273--333},
}

@book{Boerger_et_al,
	address = {Berlin},
	edition = {2. printing of the 1. ed},
	series = {Universitext},
	title = {The {Classical} {Decision} {Problem}},
	publisher = {Springer},
	author = {Börger, Egon and Grädel, Erich and Gurevič, Jurij and Gurevich, Yuri},
	year = {2001},
}

@book{Boolos_et_al,
	address = {Cambridge},
	edition = {4. ed., Repr. with corr},
	title = {Computability and {Logic}},
	publisher = {Cambridge Univ. Press},
	author = {Boolos, George and Burgess, John P. and Jeffrey, Richard C.},
	year = {2003},
}

@book{DrebenGoldfarb,
	address = {Reading, Mass},
	title = {The {Decision} {Problem}: {Solvable} {Classes} of {Quantificational} {Formulas}},
	shorttitle = {The {Decision} {Problem}},
	publisher = {Addison-Wesley},
	author = {Dreben, Burton and Goldfarb, Warren D.},
	year = {1979},
}

@incollection{Goedel,
	address = {New York; London},
	title = {On {Formally} {Undecidable} {Propositions} of {Principia} {Mathematica} and {Related} {Systems} {I}},
	booktitle = {Collected {Works}. {Vol}. {I}: {Publications} 1929-1936},
	publisher = {Oxford University Press; Clarendon Press},
	author = {Gödel, Kurt},
	editor = {Feferman, Solomon},
	year = {1986},
	pages = {145--195},
}

@article{Henschen,
	title = {Unit {Refutations} and {Horn} {Sets}},
	volume = {21},
	doi = {10.1145/321850.321857},
	number = {4},
	urldate = {2025-01-17},
	journal = {J. ACM},
	author = {Henschen, L. and Wos, L.},
	year = {1974},
	pages = {590--605},
}

@misc{Lampert1,
	title = {A {Decision} {Procedure} for {Herbrand} {Formulae} without {Skolemization}},
	doi = {10.48550/arXiv.1709.00191},
	urldate = {2025-01-17},
	author = {Lampert, Timm},
	year = {2017},
}

@incollection{Lampert3,
	address = {Cham},
	title = {Iconic {Logic} and {Ideal} {Diagrams}: {The} {Wittgensteinian} {Approach}},
	shorttitle = {Iconic {Logic} and {Ideal} {Diagrams}},
	doi = {10.1007/978-3-319-91376-6_56},
	booktitle = {Diagrammatic {Representation} and {Inference}},
	publisher = {Springer International Publishing},
	author = {Lampert, Timm},
	editor = {Chapman, Peter and Stapleton, Gem and Moktefi, Amirouche and Perez-Kriz, Sarah and Bellucci, Francesco},
	year = {2018},
	pages = {624--639},
}

@article{Lampert2,
	title = {Decidability and {Notation}},
	volume = {251},
	doi = {10.2143/LEA.251.0.3288645},
	journal = {Logique et Analyse},
	author = {Lampert, Timm},
	year = {2020},
	pages = {365--386},
}

@incollection{LampertNakano,
	address = {Cham},
	title = {Deciding {Simple} {Infinity} {Axiom} {Sets} with {One} {Binary} {Relation} by {Means} of {Superpostulates}},
	doi = {10.1007/978-3-030-51074-9_12},
	urldate = {2025-01-17},
	booktitle = {Automated {Reasoning}},
	publisher = {Springer International Publishing},
	author = {Lampert, Timm and Nakano, Anderson},
	editor = {Peltier, Nicolas and Sofronie-Stokkermans, Viorica},
	year = {2020},
	pages = {201--217},
}

@incollection{LetzStenz,
	title = {Model {Elimination} and {Connection} {Tableau} {Procedures}},
	urldate = {2025-01-17},
	booktitle = {Handbook of {Automated} {Reasoning}},
	publisher = {Elsevier},
	author = {Letz, Reinhold and Stenz, Gernot},
	year = {2001},
	doi = {10.1016/B978-044450813-3/50030-8},
	pages = {2015--2114},
}

@article{Neary,
	title = {Four {Small} {Universal} {Turing} {Machines}},
	volume = {Vol. 91},
	number = {nr 1},
	journal = {Fundamenta Informaticae},
	author = {Neary, T. and Woods, D.},
	year = {2009},
	pages = {123--144},
}

@incollection{NonnengartWeidenbach,
	address = {Amsterdam},
	title = {Computing {Small} {Clause} {Normal} {Forms}},
	urldate = {2025-01-17},
	booktitle = {Handbook of {Automated} {Reasoning}},
	publisher = {Elsevier},
	author = {Nonnengart, Andreas and Weidenbach, Christoph},
	editor = {Robinson, Alan and Voronkov, Andrei},
	year = {2001},
	doi = {10.1016/B978-044450813-3/50008-4},
	pages = {335--367},
}
