
@book{arora_pessimism_2024,
	address = {Cambridge, MA; London, England},
	title = {From {Pessimism} to {Promise}: {Lessons} from the {Global} {South} on {Designing} {Inclusive} {Tech}},
	shorttitle = {From {Pessimism} to {Promise}},
	publisher = {The MIT Press},
	author = {Arora, Payal},
	year = {2024},
}

@inproceedings{arora_psychological_2024,
	title = {The {Psychological} {Impacts} of {Algorithmic} and {AI}-{Driven} {Social} {Media} on {Teenagers}: {A} {Call} to {Action}},
	shorttitle = {The {Psychological} {Impacts} of {Algorithmic} and {AI}-{Driven} {Social} {Media} on {Teenagers}},
	url = {https://ieeexplore.ieee.org/document/10774922},
	doi = {10.1109/DPSH60098.2024.10774922},
	urldate = {2025-02-11},
	booktitle = {2024 {IEEE} {Digital} {Platforms} and {Societal} {Harms} ({DPSH})},
	author = {Arora, Sunil and Arora, Sahil and Hastings, John},
	year = {2024},
	pages = {1--7},
}

@misc{benedict_xvi_caritas_2009,
	title = {Caritas in {Veritate}. {Encyclical} {Letter}},
	shorttitle = {Caritas in {Veritate}},
	url = {https://www.vatican.va/content/benedict-xvi/en/encyclicals/documents/hf_ben-xvi_enc_20090629_caritas-in-veritate.html},
	urldate = {2025-02-11},
	author = {{Benedict XVI}},
	year = {2009},
}

@article{buyl_inherent_2024,
	title = {Inherent {Limitations} of {AI} {Fairness}},
	volume = {67},
	url = {https://dl.acm.org/doi/10.1145/3624700},
	doi = {10.1145/3624700},
	number = {2},
	urldate = {2025-02-11},
	journal = {Commun. ACM},
	author = {Buyl, Maarten and De Bie, Tijl},
	year = {2024},
	pages = {48--55},
}

@book{coeckelbergh_ai_2020,
	address = {Cambridge, MA},
	series = {The {MIT} press essential knowledge series},
	title = {{AI} {Ethics}},
	publisher = {The MIT press},
	author = {Coeckelbergh, Mark},
	year = {2020},
}

@article{correa_worldwide_2023,
	title = {Worldwide {AI} ethics: {A} review of 200 guidelines and recommendations for {AI} governance},
	volume = {4},
	shorttitle = {Worldwide {AI} ethics},
	url = {https://linkinghub.elsevier.com/retrieve/pii/S2666389923002416},
	doi = {10.1016/j.patter.2023.100857},
	number = {10},
	urldate = {2025-02-11},
	journal = {Patterns},
	author = {Corrêa, Nicholas Kluge and Galvão, Camila and Santos, James William and Del Pino, Carolina and Pinto, Edson Pontes and Barbosa, Camila and Massmann, Diogo and Mambrini, Rodrigo and Galvão, Luiza and Terem, Edmund and De Oliveira, Nythamar},
	year = {2023},
	pages = {100857},
}

@article{costello_algorithms_2023,
	title = {Algorithms, {Addiction}, and {Adolescent} {Mental} {Health}: {An} {Interdisciplinary} {Study} to {Inform} {State}-{Level} {Policy} {Action} to {Protect} {Youth} from the {Dangers} of {Social} {Media}},
	volume = {49},
	shorttitle = {Algorithms, {Addiction}, and {Adolescent} {Mental} {Health}},
	url = {https://www.cambridge.org/core/journals/american-journal-of-law-and-medicine/article/algorithms-addiction-and-adolescent-mental-health-an-interdisciplinary-study-to-inform-statelevel-policy-action-to-protect-youth-from-the-dangers-of-social-media/EC9754B533553BDD56827CD9E34DFC25},
	doi = {10.1017/amj.2023.25},
	number = {2-3},
	urldate = {2025-02-11},
	journal = {American Journal of Law \& Medicine},
	author = {Costello, Nancy and Sutton, Rebecca and Jones, Madeline and Almassian, Mackenzie and Raffoul, Amanda and Ojumu, Oluwadunni and Salvia, Meg and Santoso, Monique and Kavanaugh, Jill R. and Austin, S. Bryn},
	year = {2023},
	pages = {135--172},
}

@book{european_parliament_directorate_general_for_parliamentary_research_services_artificial_2020,
	address = {Brussels},
	title = {Artificial {Intelligence}: {From} {Ethics} to {Policy}},
	shorttitle = {Artificial {Intelligence}},
	url = {https://data.europa.eu/doi/10.2861/247},
	urldate = {2025-02-11},
	publisher = {EU Publications Office},
	author = {{European Parliament. Directorate General for Parliamentary Research Services.}},
	year = {2020},
}

@article{floridi_unified_2019,
	title = {A {Unified} {Framework} of {Five} {Principles} for {AI} in {Society}},
	url = {https://hdsr.mitpress.mit.edu/pub/l0jsh9d1},
	doi = {10.1162/99608f92.8cd550d1},
	urldate = {2025-02-11},
	journal = {Harvard Data Science Review},
	author = {Floridi, Luciano and Cowls, Josh},
	year = {2019},
}

@phdthesis{formosa_ethics_2024,
	type = {{BSc} thesis},
	title = {Ethics in {Artificial} {Intelligence} - {A} {Systematic} {Review} of the {Literature}},
	url = {https://www.um.edu.mt/library/oar/bitstream/123456789/127995/1/2408ICTICT390905076109_1.PDF},
	urldate = {2025-02-11},
	school = {University of Malta},
	author = {Formosa, Jan Lawrence},
	year = {2024},
}

@article{gabriel_artificial_2020,
	title = {Artificial {Intelligence}, {Values}, and {Alignment}},
	volume = {30},
	url = {https://doi.org/10.1007/s11023-020-09539-2},
	doi = {10.1007/s11023-020-09539-2},
	number = {3},
	urldate = {2025-02-11},
	journal = {Minds and Machines},
	author = {Gabriel, Iason},
	year = {2020},
	pages = {411--437},
}

@misc{haidt_tiktok_2025,
	title = {{TikTok} {Is} {Harming} {Children} at an {Industrial} {Scale}},
	url = {https://www.afterbabel.com/p/industrial-scale-harm-tiktok},
	urldate = {2025-02-11},
	journal = {After Babel},
	author = {Haidt, Jon and Zach, Rausch},
	year = {2025},
}

@article{hobbs_corpse_2021,
	chapter = {Tech},
	title = {‘{The} {Corpse} {Bride} {Diet}’: {How} {TikTok} {Inundates} {Teens} {With} {Eating}-{Disorder} {Videos}},
	shorttitle = {‘{The} {Corpse} {Bride} {Diet}’},
	url = {https://www.wsj.com/articles/how-tiktok-inundates-teens-with-eating-disorder-videos-11639754848},
	urldate = {2025-02-11},
	journal = {Wall Street Journal},
	author = {Hobbs, Tawnell D. and Barry, Rob and Koh, Yoree},
	year = {2021},
}

@article{khalaf_impact_2023,
	title = {The {Impact} of {Social} {Media} on the {Mental} {Health} of {Adolescents} and {Young} {Adults}: {A} {Systematic} {Review}},
	volume = {15},
	shorttitle = {The {Impact} of {Social} {Media} on the {Mental} {Health} of {Adolescents} and {Young} {Adults}},
	url = {https://www.cureus.com/articles/176889-the-impact-of-social-media-on-the-mental-health-of-adolescents-and-young-adults-a-systematic-review},
	doi = {10.7759/cureus.42990},
	number = {8},
	urldate = {2025-02-11},
	journal = {Cureus},
	author = {Khalaf, Abderrahman M. and Alubied, Abdullah A. and Khalaf, Ahmed M. and Rifaey, Abdallah A. and Khalaf, Abderrahman M. and Alubied, Abdullah and Khalaf, Ahmed M. and Rifaey, Abdallah},
	year = {2023},
}

@article{latkovic_thinking_2015,
	title = {Thinking about {Technology} from a {Catholic} {Moral} {Perspective}: {A} {Critical} {Consideration} of {Ten} {Models}},
	volume = {15},
	shorttitle = {Thinking about {Technology} from a {Catholic} {Moral} {Perspective}},
	url = {http://www.pdcnet.org/oom/service?url_ver=Z39.88-2004\&rft_val_fmt=\&rft.imuse_id=ncbq_2015_0015_0004_0687_0699\&svc_id=info:www.pdcnet.org/collection},
	doi = {10.5840/ncbq201515470},
	number = {4},
	urldate = {2025-02-11},
	journal = {The National Catholic Bioethics Quarterly},
	author = {Latkovic, Mark S.},
	year = {2015},
	pages = {687--699},
}

@techreport{adebukola_breaking_2024,
	title = {Breaking the {Algorithm}: {Redesigning} {Social} {Media} for {Youth} {Well}-{Being}},
	shorttitle = {Breaking the {Algorithm}},
	url = {https://mhanational.org/sites/default/files/reports/Breaking-the-Algorithm-report.pdf},
	urldate = {2025-02-11},
	institution = {Mental Health America},
	author = {Adebukola, Tinuola and Gerry, Sam and Lee, Keegan and Ohakamma, Isabel and Shedeed, Mohammad and Khedr, Mahmoud and Menjivar, Jackie and Davis, Kelly},
	year = {2024},
}

@misc{narayanan_understanding_2023,
	title = {Understanding {Social} {Media} {Recommendation} {Algorithms}},
	url = {https://courses.cs.washington.edu/courses/cse481p/23sp/readings/W9S2/understanding-sm-recommendation-algos.pdf},
	urldate = {2025-02-11},
	journal = {Knight First Amendment Institute at Columbia University},
	author = {Narayanan, Arvind},
	year = {2023},
}

@misc{nelson_rome_2022,
	title = {The {Rome} {Call} to {Artificial} {Intelligence} {Ethics}: {Inside} the mind of the {Machine}: {How} the {Church} can respond to the ethical challenges presented by {AI}.},
	shorttitle = {The {Rome} {Call} to {Artificial} {Intelligence} {Ethics}},
	url = {https://research.leedstrinity.ac.uk/en/publications/the-rome-call-to-artificial-intelligence-ethics-inside-the-mind-o/fingerprints/},
	urldate = {2025-02-11},
	journal = {The Trinity Conference 2022: A Catholic Response to the Digital Age},
	author = {Nelson, Joseph},
	year = {2022},
}

@inproceedings{tam_incorporating_2023,
	series = {Advances in {Social} {Science}, {Education} and {Humanities} {Research}, 791},
	title = {Incorporating {Cultural} {Values} {Into} {Responsible} {Artificial} {Intelligence} ({AI}) {Principles} {From} an {Asian} {Perspective}},
	url = {https://www.atlantis-press.com/proceedings/icld-23/125995055},
	doi = {10.2991/978-2-38476-154-8_13},
	urldate = {2025-02-11},
	publisher = {Atlantis Press},
	author = {Tam, Nguyen The Duc and Ngan, Nguyen Thai},
	year = {2023},
	pages = {243--254},
}

@misc{openai_gpt4_2024,
	title = {{GPT}-4 {Technical} {Report}},
	url = {http://arxiv.org/abs/2303.08774},
	doi = {10.48550/arXiv.2303.08774},
	urldate = {2025-02-11},
	publisher = {arXiv},
	author = {OpenAI and Achiam, Josh and Adler, Steven and Agarwal, Sandhini and Ahmad, Lama and Akkaya, Ilge and Aleman, Florencia Leoni and Almeida, Diogo and Altenschmidt, Janko and Altman, Sam and Anadkat, Shyamal and Avila, Red and Babuschkin, Igor and Balaji, Suchir and Balcom, Valerie and Baltescu, Paul and Bao, Haiming and Bavarian, Mohammad and Belgum, Jeff and Bello, Irwan and Berdine, Jake and Bernadett-Shapiro, Gabriel and Berner, Christopher and Bogdonoff, Lenny and Boiko, Oleg and Boyd, Madelaine and Brakman, Anna-Luisa and Brockman, Greg and Brooks, Tim and Brundage, Miles and Button, Kevin and Cai, Trevor and Campbell, Rosie and Cann, Andrew and Carey, Brittany and Carlson, Chelsea and Carmichael, Rory and Chan, Brooke and Chang, Che and Chantzis, Fotis and Chen, Derek and Chen, Sully and Chen, Ruby and Chen, Jason and Chen, Mark and Chess, Ben and Cho, Chester and Chu, Casey and Chung, Hyung Won and Cummings, Dave and Currier, Jeremiah and Dai, Yunxing and Decareaux, Cory and Degry, Thomas and Deutsch, Noah and Deville, Damien and Dhar, Arka and Dohan, David and Dowling, Steve and Dunning, Sheila and Ecoffet, Adrien and Eleti, Atty and Eloundou, Tyna and Farhi, David and Fedus, Liam and Felix, Niko and Fishman, Simón Posada and Forte, Juston and Fulford, Isabella and Gao, Leo and Georges, Elie and Gibson, Christian and Goel, Vik and Gogineni, Tarun and Goh, Gabriel and Gontijo-Lopes, Rapha and Gordon, Jonathan and Grafstein, Morgan and Gray, Scott and Greene, Ryan and Gross, Joshua and Gu, Shixiang Shane and Guo, Yufei and Hallacy, Chris and Han, Jesse and Harris, Jeff and He, Yuchen and Heaton, Mike and Heidecke, Johannes and Hesse, Chris and Hickey, Alan and Hickey, Wade and Hoeschele, Peter and Houghton, Brandon and Hsu, Kenny and Hu, Shengli and Hu, Xin and Huizinga, Joost and Jain, Shantanu and Jain, Shawn and Jang, Joanne and Jiang, Angela and Jiang, Roger and Jin, Haozhun and Jin, Denny and Jomoto, Shino and Jonn, Billie and Jun, Heewoo and Kaftan, Tomer and Kaiser, Łukasz and Kamali, Ali and Kanitscheider, Ingmar and Keskar, Nitish Shirish and Khan, Tabarak and Kilpatrick, Logan and Kim, Jong Wook and Kim, Christina and Kim, Yongjik and Kirchner, Jan Hendrik and Kiros, Jamie and Knight, Matt and Kokotajlo, Daniel and Kondraciuk, Łukasz and Kondrich, Andrew and Konstantinidis, Aris and Kosic, Kyle and Krueger, Gretchen and Kuo, Vishal and Lampe, Michael and Lan, Ikai and Lee, Teddy and Leike, Jan and Leung, Jade and Levy, Daniel and Li, Chak Ming and Lim, Rachel and Lin, Molly and Lin, Stephanie and Litwin, Mateusz and Lopez, Theresa and Lowe, Ryan and Lue, Patricia and Makanju, Anna and Malfacini, Kim and Manning, Sam and Markov, Todor and Markovski, Yaniv and Martin, Bianca and Mayer, Katie and Mayne, Andrew and McGrew, Bob and McKinney, Scott Mayer and McLeavey, Christine and McMillan, Paul and McNeil, Jake and Medina, David and Mehta, Aalok and Menick, Jacob and Metz, Luke and Mishchenko, Andrey and Mishkin, Pamela and Monaco, Vinnie and Morikawa, Evan and Mossing, Daniel and Mu, Tong and Murati, Mira and Murk, Oleg and Mély, David and Nair, Ashvin and Nakano, Reiichiro and Nayak, Rajeev and Neelakantan, Arvind and Ngo, Richard and Noh, Hyeonwoo and Ouyang, Long and O'Keefe, Cullen and Pachocki, Jakub and Paino, Alex and Palermo, Joe and Pantuliano, Ashley and Parascandolo, Giambattista and Parish, Joel and Parparita, Emy and Passos, Alex and Pavlov, Mikhail and Peng, Andrew and Perelman, Adam and Peres, Filipe de Avila Belbute and Petrov, Michael and Pinto, Henrique Ponde de Oliveira and Michael and Pokorny and Pokrass, Michelle and Pong, Vitchyr H. and Powell, Tolly and Power, Alethea and Power, Boris and Proehl, Elizabeth and Puri, Raul and Radford, Alec and Rae, Jack and Ramesh, Aditya and Raymond, Cameron and Real, Francis and Rimbach, Kendra and Ross, Carl and Rotsted, Bob and Roussez, Henri and Ryder, Nick and Saltarelli, Mario and Sanders, Ted and Santurkar, Shibani and Sastry, Girish and Schmidt, Heather and Schnurr, David and Schulman, John and Selsam, Daniel and Sheppard, Kyla and Sherbakov, Toki and Shieh, Jessica and Shoker, Sarah and Shyam, Pranav and Sidor, Szymon and Sigler, Eric and Simens, Maddie and Sitkin, Jordan and Slama, Katarina and Sohl, Ian and Sokolowsky, Benjamin and Song, Yang and Staudacher, Natalie and Such, Felipe Petroski and Summers, Natalie and Sutskever, Ilya and Tang, Jie and Tezak, Nikolas and Thompson, Madeleine B. and Tillet, Phil and Tootoonchian, Amin and Tseng, Elizabeth and Tuggle, Preston and Turley, Nick and Tworek, Jerry and Uribe, Juan Felipe Cerón and Vallone, Andrea and Vijayvergiya, Arun and Voss, Chelsea and Wainwright, Carroll and Wang, Justin Jay and Wang, Alvin and Wang, Ben and Ward, Jonathan and Wei, Jason and Weinmann, C. J. and Welihinda, Akila and Welinder, Peter and Weng, Jiayi and Weng, Lilian and Wiethoff, Matt and Willner, Dave and Winter, Clemens and Wolrich, Samuel and Wong, Hannah and Workman, Lauren and Wu, Sherwin and Wu, Jeff and Wu, Michael and Xiao, Kai and Xu, Tao and Yoo, Sarah and Yu, Kevin and Yuan, Qiming and Zaremba, Wojciech and Zellers, Rowan and Zhang, Chong and Zhang, Marvin and Zhao, Shengjia and Zheng, Tianhao and Zhuang, Juntang and Zhuk, William and Zoph, Barret},
	year = {2024},
	eprint       = {2303.08774},
	eprinttype   = {arXiv},
	eprintclass  = {cs},
}

@misc{panoptykon_foundation_fixing_2023,
	type = {Briefing {Note}},
	title = {Fixing {Recommender} {Systems}: {From} identification of risk factors to meaningful transparency and mitigation},
	url = {https://panoptykon.org/sites/default/files/2023-08/Panoptykon_ICCL_PvsBT_Fixing-recommender-systems_Aug%202023.pdf},
	urldate = {2025-02-11},
	author = {{Panoptykon Foundation} and {Irish Council for Civil Liberties}},
	year = {2023},
}

@article{paskewich_liberalism_2008,
	title = {Liberalism {Ex} {Nihilo}: {Joseph} {Ratzinger} on {Modern} {Secular} {Politics}},
	volume = {28},
	shorttitle = {Liberalism {Ex} {Nihilo}},
	url = {https://onlinelibrary.wiley.com/doi/abs/10.1111/j.1467-9256.2008.00326.x},
	doi = {10.1111/j.1467-9256.2008.00326.x},
	number = {3},
	urldate = {2025-02-11},
	journal = {Politics},
	author = {Paskewich, J. Christopher},
	year = {2008},
	pages = {169--176},
}

@article{paul_whats_2024,
	chapter = {US news},
	title = {What’s ahead for {KOSA}, an online safety act for minors, as it reaches {US} {House}?},
	url = {https://www.theguardian.com/us-news/article/2024/aug/03/kids-online-safety-act-senate},
	urldate = {2025-02-11},
	journal = {The Guardian},
	author = {Paul, Kari},
	year = {2024},
}

@misc{ortutay_meta_2024,
	title = {Meta, {TikTok} and other social media {CEOs} testify in heated {Senate} hearing on child exploitation},
	url = {https://apnews.com/article/meta-tiktok-snap-discord-zuckerberg-testify-senate-00754a6bea92aaad62585ed55f219932},
	urldate = {2025-02-11},
	journal = {AP News},
	author = {Ortutay, Barbara and Hadero, Haleluya},
	year = {2024},
}

@book{ratzinger_love_2021,
	address = {San Francisco, CA},
	title = {On {Love}: {Selected} {Writings}},
	shorttitle = {On {Love}},
	publisher = {Ignatius Press},
	author = {Ratzinger, Joseph},
	translator = {Miller, M.J.},
	year = {2021},
}

@book{ratzinger_dialectics_2006,
	address = {San Francisco, CA},
	title = {Dialectics of {Secularization}: {On} {Reason} and {Religion}},
	shorttitle = {Dialectics of {Secularization}},
	publisher = {Ignatius Press},
	author = {Ratzinger, Joseph and Habermas, Jürgen},
	year = {2006},
}

@misc{renaissance_foundation_ai_2023,
	title = {{AI} {Ethics}: {An} {Abrahamic} commitment to the {Rome} {Call}},
	shorttitle = {{AI} {Ethics}},
	url = {https://www.romecall.org/ai-ethics-an-abrahamic-commitment-to-the-rome-call-2/},
	urldate = {2025-02-11},
	author = {{RenAIssance Foundation}},
	year = {2023},
}

@misc{saviano_reimagining_2024,
	title = {Reimagining {AI} {Ethics}, {Moving} {Beyond} {Principles} to {Organizational} {Values}},
	shorttitle = {Post \#5},
	url = {https://www.ethics.harvard.edu/blog/post-5-reimagining-ai-ethics-moving-beyond-principles-organizational-values},
	urldate = {2025-02-11},
	journal = {Edmond \& Lily Safra Center for Ethics},
	author = {Saviano, Jeffrey and Hack, Jonathan and Okonkwo, Vincent and Huo, Shuying (Christina)},
	year = {2024},
}

@book{spaemann_love_2012,
	address = {Grand Rapids, Michigan},
	series = {A {John} {Paul} {II} {Institute} book},
	title = {Love and the {Dignity} of {Human} {Life}: {On} {Nature} and {Natural} {Law}},
	shorttitle = {Love and the {Dignity} of {Human} {Life}},
	publisher = {Eerdmans},
	author = {Spaemann, Robert},
	year = {2012},
}

@article{taddeo_how_2018,
	title = {How {AI} can be a force for good},
	volume = {361},
	url = {https://www.science.org/doi/10.1126/science.aat5991},
	doi = {10.1126/science.aat5991},
	number = {6404},
	urldate = {2025-02-11},
	journal = {Science},
	author = {Taddeo, Mariarosaria and Floridi, Luciano},
	year = {2018},
	pages = {751--752},
}

@book{topol_deep_2019,
	address = {New York, NY},
	edition = {1},
	title = {Deep {Medicine}: {How} {Artificial} {Intelligence} {Can} {Make} {Healthcare} {Human} {Again}},
	shorttitle = {Deep {Medicine}},
	publisher = {Basic Books},
	author = {Topol, Eric J.},
	year = {2019},
}

@misc{unesco_recommendation_2021,
	title = {Recommendation on the {Ethics} of {Artificial} {Intelligence}},
	url = {https://www.unesco.org/en/artificial-intelligence/recommendation-ethics},
	urldate = {2025-02-11},
	journal = {Paris: United Nations Educational, Scientific and Cultural Organization},
	author = {UNESCO},
	year = {2021},
}

@misc{vatican_press_office_ai_2024,
	title = {{AI} {Ethics} for {Peace}: {World} {Religions} commit to the {Rome} {Call} ({Hiroshima}, {Japan}, 9 to 10 {July} 2024)},
	shorttitle = {{AI} {Ethics} for {Peace}},
	url = {https://press.vatican.va/content/salastampa/en/info/2024/07/10/240710a.html},
	urldate = {2025-02-11},
	journal = {Vatican News},
	author = {{Vatican Press Office}},
	year = {2024},
}

@article{vinuesa_role_2020,
	title = {The role of artificial intelligence in achieving the {Sustainable} {Development} {Goals}},
	volume = {11},
	url = {https://www.nature.com/articles/s41467-019-14108-y},
	doi = {10.1038/s41467-019-14108-y},
	number = {1},
	urldate = {2025-02-11},
	journal = {Nature Communications},
	author = {Vinuesa, Ricardo and Azizpour, Hossein and Leite, Iolanda and Balaam, Madeline and Dignum, Virginia and Domisch, Sami and Felländer, Anna and Langhans, Simone Daniela and Tegmark, Max and Fuso Nerini, Francesco},
	year = {2020},
	pages = {233},
}

@misc{world_economic_forum_ai_2024,
	title = {{AI} value alignment: {Aligning} {AI} with human values},
	shorttitle = {{AI} value alignment},
	url = {https://www.weforum.org/stories/2024/10/ai-value-alignment-how-we-can-align-artificial-intelligence-with-human-values/},
	urldate = {2025-02-11},
	author = {{World Economic Forum}},
	year = {2024},
}

@misc{unicef_convention_1990,
	title = {Convention on the {Rights} of the {Child}},
	url = {https://www.unicef.org/child-rights-convention/convention-text},
	urldate = {2025-02-11},
	author = {{UNICEF}},
	year = {1990},
}
