
@article{fleming_walter_1984,
	title = {Walter {B}. {Cannon} and {Homeostasis}},
	volume = {51},
	number = {3},
	journal = {Social Research},
	author = {Fleming, D.},
	year = {1984},
	pages = {609--640},
}

@article{bielecki_cybernetic_2016,
	title = {Cybernetic analysis of the phenomenon of life},
	number = {61},
	journal = {Philosophical Problems in Science (Zagadnienia Filozoficzne w~Nauce)},
	author = {Bielecki, A.},
	year = {2016},
	pages = {133--164},
}

@article{hancock_interplay_2017,
	title = {The interplay between feedback and buffering in cellular homeostasis},
	volume = {5},
	number = {5},
	journal = {Cell Systems},
	author = {Hancock, E. J. and Ang, J. and Papachristodoulou, A. and Stan, G.},
	year = {2017},
	pages = {498--508},
}

@article{perrimon_negative_1999,
	title = {Negative feedback mechanisms and their roles in signal transduction pathways},
	volume = {33},
	journal = {Annual Review of Genetics},
	author = {Perrimon, N. and McMahon, A. P.},
	year = {1999},
	pages = {389--410},
}

@article{peters_principle_2007,
	title = {The principle of homeostasis in the hypothalamus-pituitary-adrenal system: {New} insight from positive feedback},
	volume = {293},
	number = {1},
	journal = {American Journal of Physiology. Regulatory, Integrative and Comparative Physiology},
	author = {Peters, A. and Conrad, M. and Hubold, C.},
	year = {2007},
	pages = {R83--R98},
}

@article{modell_physiologists_2015,
	title = {A physiologist’s view of homeostasis},
	volume = {39},
	number = {4},
	journal = {Advances in Physiology Education},
	author = {Modell, H. and Cliff, W. and Michael, J. and McFarland, J. and Wenderoth, M. P. and Wright, A.},
	year = {2015},
	pages = {259--266},
}

@book{wiener_cybernetics_1965,
	title = {Cybernetics or {Control} and {Communication} in the {Animal} and the {Machine}},
	volume = {25},
	publisher = {MIT Press},
	author = {Wiener, Norbert},
	year = {1965},
}

@book{ashby_design_1952,
	address = {London},
	title = {Design for a {Brain}: {The} {Origin} of {Adaptive} {Behavior}},
	publisher = {Chapman \& Hall},
	author = {Ashby, W. R.},
	year = {1952},
}

@article{walter_imitation_1950,
	title = {An imitation of life},
	volume = {182},
	number = {5},
	journal = {Scientific American},
	author = {Walter, W. G.},
	year = {1950},
	pages = {42--45},
}

@article{damasio_nature_2013,
	title = {The nature of feelings: {Evolutionary} and neurobiological origins},
	volume = {14},
	number = {2},
	journal = {Nature Reviews Neuroscience},
	author = {Damasio, A. and Carvalho, G.},
	year = {2013},
	pages = {143--152},
}

@article{gros_emotions_2021,
	title = {Emotions, {Homeostasis}, and {Adaptive} {Behavior} in {Cognitive} {Systems}: {Towards} a {Homeostatic} {AI} {Framework}},
	volume = {29},
	number = {4},
	journal = {Adaptive Behavior},
	author = {Gros, C.},
	year = {2021},
	pages = {243--256},
}

@book{dawkins_selfish_1989,
	address = {Oxford},
	edition = {2nd},
	title = {The {Selfish} {Gene}},
	publisher = {Oxford University Press},
	author = {Dawkins, R.},
	year = {1989},
}

@article{zhang_dynamic_2022,
	title = {Dynamic learning mechanisms inspired by neuroplasticity in artificial neural networks},
	volume = {152},
	journal = {Neural Networks},
	author = {Zhang, L. and Shen, F. and Sun, J.},
	year = {2022},
	pages = {1--10},
}

@article{searle_minds_1980,
	title = {Minds, {Brains}, and {Programs}},
	volume = {3},
	number = {3},
	journal = {Behavioral and Brain Sciences},
	author = {Searle, J. R.},
	year = {1980},
	pages = {417--457},
}

@book{tegmark_life_2018,
	address = {New York},
	title = {Life 3.0: {Being} {Human} in the {Age} of {Artificial} {Intelligence}},
	publisher = {Knopf},
	author = {Tegmark, M.},
	year = {2018},
}

@article{damasio_homeostatic_2022,
	title = {Homeostatic feelings and the biology of consciousness},
	volume = {145},
	number = {7},
	journal = {Brain},
	author = {Damasio, A. and Damasio, H.},
	year = {2022},
	pages = {2231--2235},
}

@article{korn_maintaining_2015,
	title = {Maintaining homeostasis by decision-making},
	volume = {11},
	number = {8},
	journal = {PLoS Computational Biology},
	author = {Korn, C. W. and Bach, D. R.},
	year = {2015},
	pages = {e1004301},
}

@article{burdakov_reactive_2019,
	title = {Reactive and predictive homeostasis: {Roles} of orexin/hypocretin neurons},
	volume = {154},
	journal = {Neuropharmacology},
	author = {Burdakov, D.},
	year = {2019},
	pages = {61--67},
}

@article{bechara_emotion_2000,
	title = {Emotion, decision making and the orbitofrontal cortex},
	volume = {10},
	number = {3},
	journal = {Cerebral Cortex},
	author = {Bechara, A. and Damasio, H. and Damasio, A.},
	year = {2000},
	pages = {295--307},
}

@book{damasio_strange_2018,
	address = {New York},
	title = {The {Strange} {Order} of {Things}: {Life}, {Feeling}, and the {Making} of {Cultures}},
	publisher = {Pantheon Books},
	author = {Damasio, A.},
	year = {2018},
}

@article{klos_neuron_2014,
	title = {From neuron to culture – a biosemiotic perspective of the origin and evolution of the brain according to {Marcello} {Barbieri}},
	number = {56},
	journal = {Philosophical Problems in Science (Zagadnienia Filozoficzne w~Nauce)},
	author = {Kłóś, Adam},
	year = {2014},
	pages = {93--129},
}

@article{giordano_homeostasis_2013,
	title = {Homeostasis: {An} underestimated focal point of ecology and evolution},
	volume = {211},
	journal = {Plant Science},
	author = {Giordano, M.},
	year = {2013},
	pages = {92--101},
}

@article{davies_adaptive_2016,
	title = {Adaptive homeostasis},
	volume = {49},
	journal = {Molecular Aspects of Medicine},
	author = {Davies, K. J. A.},
	year = {2016},
	pages = {1--7},
}

@article{piolopez_advances_2023,
	title = {Advances in understanding neural plasticity and its role in cognitive resilience},
	volume = {792},
	journal = {Neuroscience Letters},
	author = {Pio-Lopez, L. and Ramirez, J. and Santos, C. A.},
	year = {2023},
	pages = {136878},
}

@article{goldstein_how_2019,
	title = {How does homeostasis happen? {Integrative} physiological, biological systems, and evolutionary perspectives},
	volume = {316},
	number = {4},
	journal = {American Journal of Physiology. Regulatory, Integrative and Comparative Physiology},
	author = {Goldstein, D. S.},
	year = {2019},
	pages = {301--317},
}

@article{torday_cell_2015,
	title = {The cell as the mechanistic basis for evolution},
	volume = {7},
	number = {5},
	journal = {Wiley Interdisciplinary Reviews: Systems Biology and Medicine},
	author = {Torday, J. S.},
	year = {2015},
	pages = {275--284},
}

@article{eskov_evolution_2017,
	title = {The evolution of the idea of homeostasis: {Determinism}, stochastics, and chaos–self-organization},
	volume = {62},
	number = {6},
	journal = {Biophysics},
	author = {Eskov, V. and Filatova, O. and Eskov, V. and Gavrilenko, T.},
	year = {2017},
	pages = {809--820},
}

@article{billman_homeostasis_2013,
	title = {Homeostasis: {The} underappreciated and far too often ignored central organizing principle of physiology},
	volume = {4},
	journal = {Frontiers in Physiology},
	author = {Billman, G. E.},
	year = {2013},
	pages = {43},
}

@article{zhou_emotional_2021,
	title = {Emotional thinking as the foundation of consciousness in artificial intelligence},
	volume = {4},
	number = {2},
	journal = {Cultures of Science},
	author = {Zhou, Z.-H.},
	year = {2021},
	pages = {112--123},
}

@article{assuncao_emotional_2022,
	title = {Emotional adaptation in artificial intelligence: {Integrating} affective computing and decision-making},
	volume = {75},
	journal = {Journal of Artificial Intelligence Research},
	author = {Assunção, J. F. and Silva, F. M. and Ramos, A. C.},
	year = {2022},
	pages = {145--162},
}

@article{zhao_role_2022,
	title = {The role of adaptation in collective human-{AI} teaming},
	journal = {Topics in Cognitive Science},
	author = {Zhao, M. and Simmons, R. G. and Admoni, H.},
	year = {2022},
}

@article{bhardwaj_artificial_2022,
	title = {Artificial intelligence in biological sciences},
	volume = {12},
	number = {9},
	journal = {Life},
	author = {Bhardwaj, A. and Kishore, S. and Pandey, D.},
	year = {2022},
}

@article{stowers_what_2005,
	title = {What is a pheromone?},
	volume = {15},
	number = {13},
	journal = {Current Biology},
	author = {Stowers, L. and Marton, T. F.},
	year = {2005},
	pages = {R453--R454},
}

@article{apfelbach_effects_2005,
	title = {The effects of predator odors in mammalian prey species: {A} review of field and laboratory studies},
	volume = {29},
	number = {8},
	journal = {Neuroscience \& Biobehavioral Reviews},
	author = {Apfelbach, R. and Blanchard, C. D. and Blanchard, R. J. and Hayes, R. A. and McGregor, I. S.},
	year = {2005},
	pages = {1123--1144},
}

@article{cevora_neurobiological_2019,
	title = {Neurobiological insights into decision-making and uncertainty},
	volume = {42},
	number = {8},
	journal = {Trends in Neurosciences},
	author = {Cevora, T.},
	year = {2019},
	pages = {567--578},
}

@article{pascualleone_plastic_2005,
	title = {The plastic human brain cortex},
	volume = {28},
	journal = {Annual Review of Neuroscience},
	author = {Pascual-Leone, A. and Amedi, A. and Fregni, F. and Merabet, L. B.},
	year = {2005},
	pages = {377--401},
}

@article{hassabis_neuroscienceinspired_2017,
	title = {Neuroscience-inspired artificial intelligence},
	volume = {95},
	number = {2},
	journal = {Neuron},
	author = {Hassabis, D. and Kumaran, D. and Summerfield, C. and Botvinick, M.},
	year = {2017},
	pages = {245--258},
}

@book{sapolsky_why_2004,
	address = {New York},
	title = {Why {Zebras} {Don}'t {Get} {Ulcers}},
	publisher = {Holt Paperbacks},
	author = {Sapolsky, R. M.},
	year = {2004},
}

@article{cohen_emotions_2021,
	title = {Emotions as signals of change in cognitive load: {Applications} in human-computer interaction},
	volume = {63},
	number = {5},
	journal = {Human Factors},
	author = {Cohen, A. S. and Forbes, C. N. and Mann, M. C.},
	year = {2021},
	pages = {877--888},
}

@article{pereira_crisis_2022,
	title = {Crisis management in artificial intelligence: {Adapting} decision-making strategies under stress},
	volume = {75},
	journal = {Journal of Artificial Intelligence Research},
	author = {Pereira, M. and Soares, R. and Santos, A.},
	year = {2022},
	pages = {181--204},
}

@article{man_homeostasis_2019,
	title = {Homeostasis and soft robotics in the design of feeling machines},
	volume = {1},
	number = {10},
	journal = {Nature Machine Intelligence},
	author = {Man, K. and Damasio, A.},
	year = {2019},
	pages = {446--452},
}

@article{sun_innovations_2022,
	title = {Innovations in deep learning: {Neural} architectures inspired by the brain},
	volume = {4},
	number = {7},
	journal = {Nature Machine Intelligence},
	author = {Sun, J. and Wang, L. and Zhao, M.},
	year = {2022},
	pages = {567--578},
}

@book{chalmers_conscious_1996,
	address = {Oxford},
	title = {The {Conscious} {Mind}: {In} {Search} of a {Fundamental} {Theory}},
	publisher = {Oxford University Press},
	author = {Chalmers, D. J.},
	year = {1996},
}

@article{henriques_unraveling_2019,
	title = {Unraveling the neural mechanisms of resilience in the face of adversity},
	volume = {20},
	number = {5},
	journal = {Nature Reviews Neuroscience},
	author = {Henriques, A. R. and Silva, M. C. and Carvalho, J. R.},
	year = {2019},
	pages = {284--298},
}

@article{samsonovich_cognitive_2020,
	title = {Cognitive architectures for human-level artificial intelligence: {Theory} and implementation},
	volume = {62},
	journal = {Cognitive Systems Research},
	author = {Samsonovich, A. V.},
	year = {2020},
	pages = {1--15},
}

@article{chalmers_singularity_2007,
	title = {The {Singularity}: {A} {Philosophical} {Analysis}},
	volume = {17},
	number = {9-10},
	journal = {Journal of Consciousness Studies},
	author = {Chalmers, D. J.},
	year = {2007},
	pages = {7--65},
}

@book{dennett_sweet_2005,
	address = {Cambridge, MA; London},
	title = {Sweet {Dreams}: {Philosophical} {Obstacles} to a {Science} of {Consciousness}},
	publisher = {MIT Press},
	author = {Dennett, D. C.},
	year = {2005},
}

@book{searle_mystery_2019,
	address = {Oxford},
	title = {The {Mystery} of {Consciousness} {Revisited}},
	publisher = {Oxford University Press},
	author = {Searle, J. R.},
	year = {2019},
}

@article{churchland_could_1990,
	title = {Could a {Machine} {Think}?},
	volume = {262},
	number = {1},
	journal = {Scientific American},
	author = {Churchland, P. M. and Churchland, P. S.},
	year = {1990},
	pages = {32--37},
}

@incollection{harnad_whats_2001,
	address = {Oxford},
	title = {What's {Wrong} and {Right} {About} {Searle}'s {Chinese} {Room} {Argument}?},
	booktitle = {Views into the {Chinese} {Room}},
	publisher = {Oxford University Press},
	author = {Harnad, S.},
	editor = {Bishop, M. and Preston, J.},
	year = {2001},
}

@article{bedau_weak_1997,
	title = {Weak emergence},
	volume = {11},
	journal = {Philosophical Perspectives},
	author = {Bedau, M. A.},
	year = {1997},
	pages = {375--399},
}

@article{nagel_what_1974,
	title = {What {Is} {It} {Like} to {Be} a {Bat}?},
	volume = {83},
	number = {4},
	journal = {Philosophical Review},
	author = {Nagel, T.},
	year = {1974},
	pages = {435--450},
}

@article{friston_freeenergy_2010,
	title = {The free-energy principle: a unified brain theory?},
	volume = {11},
	number = {2},
	journal = {Nature Reviews Neuroscience},
	author = {Friston, K.},
	year = {2010},
	pages = {127--138},
}

@article{clark_surfing_2015,
	title = {Surfing uncertainty: {Prediction}, action, and the embodied mind},
	volume = {19},
	number = {7},
	journal = {Trends in Cognitive Sciences},
	author = {Clark, A.},
	year = {2015},
	pages = {422--428},
}

@article{maynard_smith_theory_1974,
	title = {The theory of games and the evolution of animal conflicts},
	volume = {47},
	url = {https://linkinghub.elsevier.com/retrieve/pii/0022519374901106},
	doi = {10.1016/0022-5193(74)90110-6},
	number = {1},
	urldate = {2025-01-21},
	journal = {Journal of Theoretical Biology},
	author = {Maynard Smith, J.},
	year = {1974},
	pages = {209--221},
}
