@book{Trombik2021Koncepcje,
	address = {Krak{\' o}w},
	author = {Trombik, Kamil},
	year = {2021},
	publisher = {Scriptum},
	title = {Koncepcje filozofii przyrody w {Papieskiej} {Akademii} {Teologicznej} w {Krakowie} w latach 1978--1993. {Studium} historyczno-filozoficzne},
}
@article{Polak2022Krakow,
	author = {Polak, Pawe\l{} and Trombik, Kamil},
	journal = {Edukacja Filozoficzna},
	year = {2022},
	pages = {205--229},
	title = {The {Krak}{\' o}w {School} of {Philosophy} in {Science}: Profiting from {Two} {Traditions}},
	volume = {74},
}
@article{Trombik2023Andrzej,
	author = {Trombik, Kamil},
	journal = {Philosophical Problems in Science (Zagadnienia Filozoficzne w Nauce)},
	year = {2023},
	pages = {233--256},
	title = {Andrzej {Fuli}{\' n}ski as a representative of the concept of philosophy in science},
	volume = {75},
}
@article{Trombik2019origin,
	author = {Trombik, Kamil},
	journal = {Philosophical Problems in Science (Zagadnienia Filozoficzne w Nauce)},
	year = {2019},
	pages = {271--295},
	title = {The origin and development of the {Center} for {Interdisciplinary} {Studies}. {A} historical outline by 1993},
	volume = {66},
}
@article{Polak2019Philosophy,
	author = {Polak, Pawe\l{}},
	journal = {Philosophical Problems in Science (Zagadnienia Filozoficzne w Nauce)},
	year = {2019},
	pages = {251--270},
	title = {Philosophy in science: a name with a long intellectual tradition},
	volume = {66},
}
@inbook{Polak201119th,
	address = {Krak{\' o}w},
	author = {Polak, Pawe\l{}},
	booktitle = {Philosophy in {Science}. {Methods} and {Applications}},
	editor = {Bro{\. z}ek, B. and M{\k a}czka, J. and Grygiel, W.P.},
	year = {2011},
	pages = {325--333},
	publisher = {Copernicus Center Press},
	title = {19th {Century} {Beginnings} of the {Krak}{\' o}w {Philosophy} of {Nature}},
}
@inbook{Polak2018Tradycja,
	address = {Krak{\' o}w},
	author = {Polak, Pawe\l{}},
	booktitle = {40 lat filozofii w uczelni papieskiej w {Krakowie}},
	editor = {Jagie\l{}\l{}o, Jaros\l{}aw},
	year = {2018},
	pages = {491--513},
	publisher = {Wydawnictwo UPJPII},
	title = {Tradycja krakowskiej filozofii w nauce: mi{\k e}dzy {XIX} a {XXI} wiekiem},
}
@article{Sokoowski2015Racjonalny,
	author = {Soko\l{}owski, Leszek},
	journal = {Palestra. Pismo Adwokatury Polskiej},
	number = {11-12},
	year = {2015},
	pages = {238--245},
	title = {Racjonalny chrze{\'s}cijanin},
	volume = {695-696},
}
@article{Liana1999Z,
	author = {Liana, Zbigniew and M{\k a}czka, Janusz},
	journal = {Philosophical Problems in Science (Zagadnienia Filozoficzne w Nauce)},
	year = {1999},
	pages = {133--152},
	title = {Z kroniki {OBI}},
	volume = {25},
}
@inbook{Sokoowski2008Uzasadnianie,
	address = {Krak{\' o}w},
	author = {Soko\l{}owski, Leszek},
	booktitle = {Prace {Komisji} {Filozofii} {Nauk} {PAU}. {Tom} 2},
	editor = {Janik, Jerzy},
	year = {2008},
	pages = {87--103},
	publisher = {PAU},
	title = {Uzasadnianie antropiczne, czyli cz\l{}owiek we {Wszech}{\' s}wiecie},
}
@article{Sokoowski1978Czy,
	author = {Soko\l{}owski, Leszek},
	journal = {Studia Filozoficzne},
	number = {6},
	year = {1978},
	pages = {65--71},
	title = {Czy kosmologia jest nauk{\k a} empiryczn{\k a}?},
}
@article{Sokoowski1984O,
	author = {Soko\l{}owski, Leszek},
	journal = {Przegl{\k a}d Powszechny},
	year = {1984},
	pages = {64--75},
	title = {O {Galileuszu}, nauce i uprzedzeniach},
}
@article{Sokoowski1986Pluralizm,
	author = {Soko\l{}owski, Leszek},
	journal = {Studia Philosophiae Christianae},
	number = {2},
	year = {1986},
	pages = {197--207},
	title = {Pluralizm wizji {\' s}wiata. {O} filozofii nauki {Stefana} {Amsterdamskiego}},
	volume = {22},
}
@inbook{Popper1987Hegel,
	address = {Krak{\' o}w},
	author = {Popper, Karl},
	booktitle = {Filozofowa{\' c} w kontek{\' s}cie nauki},
	editor = {Heller, Micha\l{} and Michalik, Alicja and {\. Z}yci{\' n}ski, J{\' o}zef},
	year = {1987},
	pages = {19--33},
	publisher = {Polskie Towarzystwo Teologiczne},
	title = {Hegel i nowy trybalizm},
}
@book{Peacocke1991Teologia,
	address = {Krak{\' o}w},
	author = {Peacocke, Arthur},
	year = {1991},
	publisher = {Znak},
	title = {Teologia i nauki przyrodnicze},
}
@article{Davies1996Zasada,
	author = {Davies, Paul},
	journal = {Post{\k e}py Fizyki},
	number = {3},
	year = {1996},
	pages = {213--258},
	title = {Zasada antropiczna},
	volume = {37},
}
@article{Sokoowski1989Gos,
	author = {Soko\l{}owski, Leszek},
	journal = {Philosophical Problems in Science (Zagadnienia Filozoficzne w Nauce)},
	year = {1989},
	pages = {44--45},
	title = {G\l{}os w dyskusji po referacie ks. {Gadacza}},
	volume = {11},
}
@inbook{Sokoowski1990Nadwyzkowosc,
	address = {Krak{\' o}w},
	author = {Soko\l{}owski, Leszek},
	booktitle = {Matematyczno{\' s}{\' c} przyrody},
	editor = {Heller, Micha\l{} and {\. Z}yci{\' n}ski, J{\' o}zef and Michalik, Alicja},
	year = {1990},
	pages = {56--71},
	publisher = {OBI},
	title = {Nadwy{\. z}kowo{\' s}{\' c} matematyki},
}
@inbook{Sokoowski2014Czy,
	address = {Lublin},
	author = {Soko\l{}owski, Leszek},
	booktitle = {Relacja nauka-wiara. {Nowe} uj{\k e}cie dawnego problemu},
	editor = {Golbiak, Jacek and Here{\' c}, Monika},
	year = {2014},
	pages = {179--195},
	publisher = {Wydawnictwo KUL},
	title = {Czy mo{\. z}na by{\' c} chrze{\' s}cijaninem w wielkim wszech{\' s}wiecie?},
}
@inbook{Sokoowski2017Kopoty,
	address = {Krak{\' o}w},
	author = {Soko\l{}owski, Leszek},
	booktitle = {Oblicza filozofii w nauce. {Ksi}{\k e}ga pami{\k a}tkowa z okazji 80. {Urodzin} {Micha}\l{}a {Hellera}},
	editor = {Polak, Pawe\l{} and M{\k a}czka, Janusz and Grygiel, Wojciech},
	year = {2017},
	pages = {225--253},
	publisher = {Copernicus Center Press},
	title = {K\l{}opoty z jedyno{\' s}ci{\k a} {Wszech}{\' s}wiata},
}
@article{Sokoowski1983Jezyk,
	author = {Soko\l{}owski, Leszek},
	journal = {Znak},
	year = {1983},
	pages = {1015--1016},
	title = {J{\k e}zyk i metoda [recenzja ksi{\k a}{\. z}ki: J. {\. {Z}}yci{\' n}ski, {J}{\k e}zyk i metoda]},
	volume = {342-343},
}
@inbook{Sokoowski1987Alberta,
	address = {Krak{\' o}w},
	author = {Soko\l{}owski, Leszek},
	booktitle = {Filozofowa{\' c} w kontek{\' s}cie nauki},
	editor = {Heller, Micha\l{} and Michalik, Alicja and {\. Z}yci{\' n}ski, J{\' o}zef},
	year = {1987},
	pages = {187--201},
	publisher = {Polskie Towarzystwo Teologiczne},
	title = {Alberta {Einsteina} filozofia fizyki},
}
@inbook{Sokoowski1994Wszechswiat,
	address = {Krak{\' o}w},
	author = {Soko\l{}owski, Leszek},
	booktitle = {Kosmos i filozofia},
	editor = {Golda, Zdzis\l{}aw and Heller, Micha\l{}},
	year = {1994},
	pages = {29--58},
	publisher = {OBI},
	title = {Wszech{\' s}wiat, jego wymiar i ewolucja},
}
@article{Sokoowski2000Czas,
	author = {Soko\l{}owski, Leszek},
	journal = {Philosophical Problems in Science (Zagadnienia Filozoficzne w Nauce)},
	year = {2000},
	pages = {3--32},
	title = {Czas a grawitacja kwantowa},
	volume = {27},
}
@inbook{Sokoowski2006Teorie,
	address = {Krak{\' o}w-Tarn{\' o}w},
	author = {Soko\l{}owski, Leszek},
	booktitle = {Struktura i emergencja},
	editor = {Heller, Micha\l{} and M{\k a}czka, Janusz},
	year = {2006},
	pages = {121--139},
	publisher = {PAU-OBI-Biblos},
	title = {Teorie efektywne i emergencja fizycznego obrazu {\' s}wiata},
}
@inbook{Sokoowski2007Czowiek,
	address = {Krak{\' o}w-Tarn{\' o}w},
	author = {Soko\l{}owski, Leszek},
	booktitle = {Cz\l{}owiek: tw{\' o}r {Wszech}{\' s}wiata -- tw{\' o}rca nauki},
	editor = {Heller, Micha\l{} and Janusz, Robert and M{\k a}czka, Janusz},
	year = {2007},
	pages = {73--86},
	publisher = {PAU-OBI},
	title = {Cz\l{}owiek jako tw{\' o}rca teorii fizycznych w wielo{\' s}wiecie},
}
@inbook{Sokoowski2008Czego,
	address = {Krak{\' o}w-Tarn{\' o}w},
	author = {Soko\l{}owski, Leszek},
	booktitle = {Prawa przyrody},
	editor = {Heller, Micha\l{} and M{\k a}czka, Janusz and Polak, Pawe\l{} and Szczerbi{\' n}ska-Polak, Ma\l{}gorzata},
	year = {2008},
	pages = {21--41},
	publisher = {OBI-PAU-UJ-Biblos},
	title = {Czego mo{\. z}emy si{\k e} nauczy{\' c} na przyk\l{}adzie teorii strun?},
}
@article{Sokoowski2015Granice,
	author = {Soko\l{}owski, Leszek},
	journal = {Philosophical Problems in Science (Zagadnienia Filozoficzne w Nauce)},
	year = {2015},
	pages = {25--81},
	title = {Granice fizyki w kosmologii},
	volume = {59},
}
@inbook{Sokoowski2006Alicja,
	address = {Krak{\' o}w},
	author = {Soko\l{}owski, Leszek},
	booktitle = {Wyzwania racjonalno{\' s}ci. {Ksi}{\k e}dzu {Micha}\l{}owi {Hellerowi} wsp{\' o}\l{}pracownicy i uczniowie},
	editor = {Wszo\l{}ek, Stanis\l{}aw and Janusz, Robert},
	year = {2006},
	pages = {378--402},
	publisher = {WAM-OBI},
	title = {Alicja w {Krainie} {Czar}{\' o}w, czyli spo\l{}ecze{\' n}stwo postindustrialne wobec nauki},
}
@inbook{Sokoowski2011O,
	address = {Krak{\' o}w},
	author = {Soko\l{}owski, Leszek},
	booktitle = {Czy nauka zast{\k a}pi religi{\k e}?},
	editor = {Bro{\. z}ek, Bartosz and M{\k a}czka, Janusz},
	year = {2011},
	pages = {45--62},
	publisher = {Copernicus Center Press},
	title = {O pewnych podobie{\' n}stwach filozofii fizyki i religii},
}
@inbook{Sokoowski1996W,
	address = {Tarn{\' o}w},
	author = {Soko\l{}owski, Leszek},
	booktitle = {Przestrzenie {Ksi}{\k e}dza {Cogito}. {Ksi}{\k e}dzu {Micha}\l{}owi {Hellerowi} w sze{\' s}{\' c}dziesi{\k a}t{\k a} rocznic{\k e} urodzin},
	editor = {Wszo\l{}ek, Stanis\l{}aw},
	year = {1996},
	pages = {88--113},
	publisher = {Biblos},
	title = {W poszukiwaniu teorii ostatecznej},
}
@inbook{Sokoowski1999Maa,
	address = {Krak{\' o}w-Tarn{\' o}w},
	author = {Soko\l{}owski, Leszek},
	booktitle = {Sensy i nonsensy w nauce i filozofii},
	editor = {Heller, Micha\l{} and M{\k a}czka, Janusz and Urbaniec, Jacek},
	year = {1999},
	pages = {57--77},
	publisher = {OBI-Biblos},
	title = {Ma\l{}a apologia redukcjonizmu},
}
@article{Sokoowski2001Wspoczesne,
	author = {Soko\l{}owski, Leszek},
	journal = {Analecta Cracoviensia},
	year = {2001},
	pages = {213--232},
	title = {Wsp{\' o}\l{}czesne zagro{\. z}enia racjonalizmu},
	volume = {33},
}
@inbook{Sokoowski2011Pare,
	address = {Warszawa},
	author = {Soko\l{}owski, Leszek},
	booktitle = {Nauka w filozofii. {Oblicza} obecno{\' s}ci},
	editor = {Burtyn, Stanis\l{}aw and Czarnocka, Ma\l{}gorzata and \L{}ugowski, W\l{}odzimierz and Michalska, Anna},
	year = {2011},
	pages = {209--220},
	publisher = {IFiS PAN},
	title = {Par{\k e} uwag o matematyczno{\' s}ci przyrody},
}
@article{Sokoowski2015Co,
	author = {Soko\l{}owski, Leszek},
	journal = {Philosophical Problems in Science (Zagadnienia Filozoficzne w Nauce)},
	year = {2015},
	pages = {63--88},
	title = {Co nowego w filozoficznym problemie matematyczno{\' s}ci przyrody?},
	volume = {58},
}
@inbook{Sokoowski1991Posowie,
	address = {Krak{\' o}w},
	author = {Soko\l{}owski, Leszek},
	booktitle = {Teologia i nauki przyrodnicze},
	year = {1991},
	pages = {257--268},
	publisher = {Znak},
	title = {Pos\l{}owie t\l{}umacza},
}
@article{Sokoowski1993Koscio,
	author = {Soko\l{}owski, Leszek},
	journal = {Znak},
	year = {1993},
	pages = {119--123},
	title = {Ko{\' s}ci{\' o}\l{} a nauka [recenzja ksi{\k a}{\. z}ki: M. {Heller}, {Nowa} fizyka i nowa teologia]},
	volume = {456},
}
@article{Heller1986Jak,
	author = {Heller, Micha\l{}},
	journal = {Studia Philosophiae Christianae},
	year = {1986},
	pages = {7--19},
	title = {Jak mo{\. z}liwa jest \quotedblbase{}filozofia w nauce''?},
	volume = {22},
}
@article{Heller2019How,
	author = {Heller, Micha\l{}},
	journal = {Philosophical Problems in Science (Zagadnienia Filozoficzne w Nauce)},
	year = {2019},
	pages = {231--249},
	title = {How is philosophy in science possible?},
	volume = {66},
}
@article{Burtyn1997Idea,
	author = {Burtyn, Stanis\l{}aw},
	journal = {Studia Philosophiae Christianae},
	number = {2},
	year = {1997},
	pages = {95--101},
	title = {Idea matematyczno{\' s}ci przyrody a problem jedno{\' s}ci nauk przyrodniczych},
	volume = {33},
}
@article{Turek2005Filozofia,
	author = {Turek, J{\' o}zef},
	journal = {Roczniki Filozoficzne},
	number = {2},
	year = {2005},
	pages = {269--308},
	title = {Filozofia kosmologii -- zarys problematyki},
	volume = {53},
}
@book{Jodkowski2007Spor,
	address = {Warszawa},
	author = {Jodkowski, Kazimierz},
	year = {2007},
	publisher = {Megas},
	title = {Sp{\' o}r ewolucjonizmu z kreacjonizmem},
}
@article{Filipek2008Elementy,
	author = {Filipek, Magdalena},
	journal = {Studia Philosophiae Christianae},
	number = {2},
	year = {2008},
	pages = {223--237},
	title = {Elementy absolutne w fizyce w kontek{\' s}cie filozofii {Maxa} {Plancka}},
	volume = {44},
}
@book{Czerniawski2009Ruch,
	address = {Krak{\' o}w},
	author = {Czerniawski, Jan},
	year = {2009},
	publisher = {Wydawnictwo UJ},
	title = {Ruch, przestrze{\' n}, czas. {Protofizyczne} i metafizyczne aspekty podstaw fizyki relatywistycznej},
}
@article{Czerniawski2012Protofizyka,
	author = {Czerniawski, Jan},
	journal = {Przegl{\k a}d Filozoficzny -- Nowa Seria},
	number = {3},
	year = {2012},
	pages = {187--199},
	title = {Protofizyka a istota teorii wzgl{\k e}dno{\' s}ci},
	volume = {83},
}
@book{Zycinski2009Wszechswiat,
	address = {Lublin},
	author = {{\. Z}yci{\' n}ski, J{\' o}zef},
	year = {2009},
	publisher = {Wydawnictwo KUL},
	title = {Wszech{\' s}wiat emergentny. {B}{\' o}g w ewolucji przyrody},
}
@article{Grygiel2010Teoria,
	author = {Grygiel, Wojciech},
	journal = {Filozofia Nauki},
	number = {3},
	year = {2010},
	pages = {141--152},
	title = {Teoria superstrun i {Lee} {Smolina} k\l{}opoty z fizyk{\k a}},
	volume = {18},
}
@article{Szydowski2010Prostota,
	author = {Szyd\l{}owski, Marek and Tambor, Pawe\l{}},
	journal = {Roczniki Filozoficzne},
	number = {2},
	year = {2010},
	pages = {153--180},
	title = {Prostota modelu kosmologicznego a z\l{}o{\. z}ono{\' s}{\' c} wszech{\' s}wiata},
	volume = {58},
}
@article{Szydowski2015Ontologiczne,
	author = {Szyd\l{}owski, Marek and Tambor, Pawe\l{}},
	journal = {Studia Philosophiae Christianae},
	number = {1},
	year = {2015},
	pages = {141--163},
	title = {Ontologiczne i epistemologiczne aspekty poj{\k e}cia \quotedblbase{}ex nihilo'' w modelach kosmologicznych kwantowej kosmogenezy},
	volume = {51},
}
@article{Szydowski2020Czy,
	author = {Szyd\l{}owski, Marek and Tambor, Pawe\l{}},
	journal = {Philosophical Problems in Science (Zagadnienia Filozoficzne w Nauce)},
	year = {2020},
	pages = {79--116},
	title = {Czy fizyczne teorie efektywne s{\k a} wiarygodn{\k a} strategi{\k a} osi{\k a}gni{\k e}cia teorii ostatecznej?},
	volume = {68},
}
@book{Heller2013Filozofia,
	address = {Krak{\' o}w},
	author = {Heller, Micha\l{}},
	year = {2013},
	publisher = {Copernicus Center Press},
	title = {Filozofia kosmologii},
}
@book{Heller2014Granice,
	address = {Krak{\' o}w},
	author = {Heller, Micha\l{}},
	year = {2014},
	publisher = {Copernicus Center Press},
	title = {Granice nauki},
}
@article{Pabjan2013Filozoficzne,
	author = {Pabjan, Tadeusz},
	journal = {Filozofia Nauki},
	number = {2},
	year = {2013},
	pages = {131--143},
	title = {Filozoficzne idee w fizyce i kosmologii {Alberta} {Einsteina}},
	volume = {21},
}
@book{Hoda2014Teistyczne,
	address = {Tarn{\' o}w},
	author = {Ho\l{}da, Mi\l{}osz},
	year = {2014},
	publisher = {Biblos},
	title = {Teistyczne podstawy nauki. {Epistemologiczne} argumenty za istnieniem {Boga}},
}
@article{Dabek2016Nauka,
	author = {D{\k a}bek, Dariusz},
	journal = {Zagadnienia Naukoznawstwa},
	number = {2},
	year = {2016},
	pages = {275--292},
	title = {Nauka i religia w kosmologii {Edwarda} {Artura} {Milne}\textquoteright{}a},
	volume = {52},
}
@book{Janowski2016Zagadnienie,
	address = {Warszawa},
	author = {Janowski, Jaros\l{}aw},
	year = {2016},
	publisher = {Liberi Libri},
	title = {Zagadnienie istnienia i natury czasu w wybranych modelach kosmologicznych},
}
@article{Janusz2017Stulecie,
	author = {Janusz, Robert},
	journal = {Philosophical Problems in Science (Zagadnienia Filozoficzne w Nauce)},
	year = {2017},
	pages = {167--181},
	title = {Stulecie kosmologicznych prac {Einsteina} i de {Sittera}},
	volume = {63},
}
@inbook{Jacyna2018Kosmologia,
	address = {Warszawa},
	author = {Jacyna-Onyszkiewicz, Zbigniew},
	booktitle = {Wp\l{}yw ideologii na nauk{\k e} i {\. z}ycie spo\l{}eczne},
	editor = {Rucki, M.},
	year = {2018},
	pages = {303--315},
	publisher = {Chrze{\' s}cija{\' n}skie Forum Pracownik{\' o}w Nauki},
	title = {Kosmologia kwantowa a ideologia materialistyczna},
}
@article{Sobkowiak2019Relacje,
	author = {Sobkowiak, Sebastian},
	journal = {Filozofia Chrze{\' s}cija{\' n}ska},
	year = {2019},
	pages = {139--159},
	title = {Relacje mi{\k e}dzy filozofi{\k a} a wsp{\' o}\l{}czesn{\k a} nauk{\k a} na przyk\l{}adzie pism {Weinera} {Heisenberga}},
	volume = {16},
}
@article{Lemanska2020Mathematicalness,
	author = {Lema{\' n}ska, Anna},
	journal = {Studia Philosophiae Christianae},
	year = {2020},
	pages = {61--80},
	title = {Mathematicalness or mathematicability of nature?},
	volume = {56},
}
@article{Heller1999Jak,
	author = {Heller, Micha\l{} and Liana, Zbigniew and M{\k a}czka, Janusz and Olszewski, Adam and Skoczny, W\l{}odzimierz},
	journal = {Philosophical Problems in Science (Zagadnienia Filozoficzne w Nauce)},
	year = {1999},
	pages = {20--29},
	title = {Jak filozofuje si{\k e} w {OBI}?},
	volume = {25},
}
@book{Heller1992BFilozofia,
	address = {Krak{\' o}w},
	author = {Heller, Micha\l{}},
	year = {1992},
	publisher = {Znak},
	title = {Filozofia {\' s}wiata},
}
@book{Wilson2011Konsiliencja,
	address = {Pozna{\' n}},
	author = {Wilson, Edward},
	year = {2011},
	publisher = {Zysk i S-ka},
	title = {Konsiliencja. {Jedno}{\' s}{\' c} wiedzy},
}
@book{Schrodinger2017Przyroda,
	address = {Warszawa},
	author = {Schr{\" o}dinger, Erwin},
	year = {2017},
	publisher = {IFiS PAN},
	title = {Przyroda i {Grecy}. {Nauki} przyrodnicze i humanistyczne},
}
@inbook{Heller1990Nowa,
	address = {Krak{\' o}w},
	author = {Heller, Micha\l{}},
	booktitle = {Nauka -- religia -- dzieje. {V} seminarium w {Castel} {Gandolfo} 8--11 sierpnia 1988},
	editor = {Janik, Jerzy and Lenartowicz, Piotr},
	year = {1990},
	pages = {66--83},
	publisher = {Wydzia\l{} Filozoficzny Towarzystwa Jezusowego},
	title = {Nowa fizyka -- perspektywy trwaj{\k a}cej rewolucji},
}
@article{Sokoowski1987Mysl1,
	author = {Soko\l{}owski, Leszek and Staruszkiewicz, Andrzej},
	journal = {Przegl{\k a}d Powszechny},
	number = {2},
	year = {1987},
	pages = {176--186},
	title = {My{\' s}l czysta pojmuje rzeczywisto{\' s}{\' c}. {O} filozofii fizyki {Alberta} {Einsteina} ({I})},
}
@article{Sokoowski1987Mysl2,
	author = {Soko\l{}owski, Leszek and Staruszkiewicz, Andrzej},
	journal = {Przegl{\k a}d Powszechny},
	number = {3},
	year = {1987},
	pages = {348--367},
	title = {My{\' s}l czysta pojmuje rzeczywisto{\' s}{\' c}. {O} filozofii fizyki {Alberta} {Einsteina} ({II})},
}
@book{Zycinski1993Granice,
	address = {Warszawa},
	author = {{\. Z}yci{\' n}ski, J{\' o}zef},
	year = {1993},
	publisher = {PWN},
	title = {Granice racjonalno{\' s}ci. {Eseje} z filozofii nauki},
}
@book{Heller1992AFilozofia,
	address = {Krak{\' o}w},
	author = {Heller, Micha\l{}},
	year = {1992},
	publisher = {Wydawnictwo Naukowe Papieskiej Akademii Teologicznej},
	title = {Filozofia nauki: wprowadzenie},
}
@article{Sokoowski2007Metric,
	author = {Soko\l{}owski, Leszek},
	journal = {Classical and Quantum Gravity},
	year = {2007},
	pages = {3391--3411},
	title = {Metric gravity theories and cosmology. {I}. {Physical} interpretation and viability},
	volume = {24},
}
@article{Sierotowicz1997Realizm,
	author = {Sierotowicz, Tadeusz},
	journal = {Filozofia Nauki},
	year = {1997},
	pages = {27--38},
	title = {Realizm w kontek{\' s}cie nauki},
	volume = {17},
}
@book{Rodzen2005Czy,
	address = {Tarn{\' o}w},
	author = {Rodze{\' n}, Jacek},
	year = {2005},
	publisher = {Biblos},
	title = {Czy sukcesy nauki s{\k a} cudem? {Studium} filozoficzno-metodologiczne argumentacji z sukcesu nauki na rzecz realizmu naukowego},
}
@article{Fulinski1993O,
	author = {Fuli{\' n}ski, Andrzej},
	journal = {Znak},
	year = {1993},
	pages = {31--49},
	title = {O chaosie i przypadku, a tak{\. z}e o determinizmie, redukcjonizmie i innych grzechach fizyk{\' o}w czyli o zmianach w obrazie {\' s}wiata widzianych okiem jednego z nich},
	volume = {465},
}
@article{Zycinski2003Naturalizm,
	author = {{\. Z}yci{\' n}ski, J{\' o}zef},
	journal = {Roczniki Filozoficzne},
	number = {3},
	year = {2003},
	pages = {7--18},
	title = {Naturalizm ontologiczny a rola superweniencji w ewolucji biologicznej},
	volume = {51},
}
@article{Zycinski1994Postmodernistyczna,
	author = {{\. Z}yci{\' n}ski, J{\' o}zef},
	journal = {Studia Philosophiae Christianae},
	number = {2},
	year = {1994},
	pages = {299--312},
	title = {Postmodernistyczna krytyka racjonalno{\' s}ci nauki},
	volume = {30},
}
@book{Zycinski1990Trzy,
	address = {Pozna{\' n}},
	author = {{\. Z}yci{\' n}ski, J{\' o}zef},
	year = {1990},
	publisher = {W drodze},
	title = {Trzy kultury},
}
@article{Trombik2022Teologia,
	author = {Trombik, Kamil and Polak, Pawe\l{}},
	journal = {Cz\l{}owiek i Spo\l{}ecze{\' n}stwo},
	year = {2022},
	pages = {49--64},
	title = {Teologia nauki -- propozycja nowego otwarcia teologii na nauki},
	volume = {54},
}
@misc{Sokoowski2024Polscy,
	note = {[Online; accessed 2024-02-18]},
	author = {Soko\l{}owski, Leszek},
	year = {2024},
	title = {Polscy uczeni dyskutuj{\k a} o {Bogu} [g\l{}os w dyskusji]},
	url = {https://wyborcza.pl/magazyn/7,124059,30633489,polscy-uczeni-dyskutuja-o-bogu-jestem-przekonany-jako-fizyk.html},
	howpublished = {https://wyborcza.pl/magazyn/7,124059,30633489,polscy-uczeni-dyskutuja-o-bogu-jestem-przekonany-jako-fizyk.html},
}
@book{Snow1999Dwie,
	address = {Warszawa},
	author = {Snow, Charles},
	year = {1999},
	publisher = {Pr{\' o}szy{\' n}ski i S-ka},
	title = {Dwie kultury},
}

