
@article{asratyan_lenins_1982,
	title = {Lenin's theory of reflection and {Pavlov}'s teaching on higher nervous activity},
	volume = {12},
	url = {http://link.springer.com/10.1007/BF01183098},
	doi = {10.1007/BF01183098},
	number = {4},
	urldate = {2025-01-02},
	journal = {Neuroscience and Behavioral Physiology},
	author = {Asratyan, E. A. and Shingarov, G. Kh.},
	year = {1982},
	pages = {357--363},
}

@article{lewicki_cognition_2016,
	title = {Cognition as {Orientation} in the {Environment}},
	volume = {VII},
	url = {http://avant.edu.pl/wp-content/uploads/Lewicki-Cognition_as_Orientation.pdf},
	doi = {10.26913/70302016.0109.0004},
	number = {3},
	urldate = {2025-01-02},
	journal = {AVANT. The Journal of the Philosophical-Interdisciplinary Vanguard},
	author = {Lewicki, Andrzej},
	translator = {Kopczyńska, Magdalena},
	year = {2016},
	pages = {46--67},
}

@book{lewin_principles_1936,
	address = {New York},
	title = {Principles of {Topological} {Psychology}},
	url = {https://content.apa.org/books/10019-000},
	urldate = {2025-01-02},
	publisher = {McGraw-Hill},
	author = {Lewin, Kurt},
	translator = {Heider, Fritz and Heider, Grace M.},
	year = {1936},
	doi = {10.1037/10019-000},
}

@article{lobo_history_2018,
	title = {The {History} and {Philosophy} of {Ecological} {Psychology}},
	volume = {9},
	url = {https://www.frontiersin.org/article/10.3389/fpsyg.2018.02228/full},
	doi = {10.3389/fpsyg.2018.02228},
	urldate = {2025-01-02},
	journal = {Frontiers in Psychology},
	author = {Lobo, Lorena and Heras-Escribano, Manuel and Travieso, David},
	year = {2018},
	pages = {2228},
}

@article{chemero_outline_2003,
	title = {An {Outline} of a {Theory} of {Affordances}},
	volume = {15},
	url = {http://www.tandfonline.com/doi/abs/10.1207/S15326969ECO1502_5},
	doi = {10.1207/S15326969ECO1502_5},
	number = {2},
	urldate = {2025-01-02},
	journal = {Ecological Psychology},
	author = {Chemero, Anthony},
	year = {2003},
	pages = {181--195},
}

@book{cappuccio_handbook_2019,
	address = {Cambridge, MA},
	title = {Handbook of {Embodied} {Cognition} and {Sport} {Psychology}},
	publisher = {The MIT Press},
	author = {Cappuccio, Massimiliano},
	year = {2019},
}

@incollection{vonk_social_2020,
	address = {Cham},
	title = {Social {Affordance}},
	url = {http://link.springer.com/10.1007/978-3-319-47829-6_1870-1},
	urldate = {2025-01-04},
	booktitle = {Encyclopedia of {Animal} {Cognition} and {Behavior}},
	publisher = {Springer International Publishing},
	author = {Carvalho, Eros Moreira de},
	editor = {Vonk, Jennifer and Shackelford, Todd},
	year = {2020},
	doi = {10.1007/978-3-319-47829-6_1870-1},
	pages = {1--4},
}

@article{cisek_cortical_2007,
	title = {Cortical mechanisms of action selection: the affordance competition hypothesis},
	volume = {362},
	shorttitle = {Cortical mechanisms of action selection},
	url = {https://royalsocietypublishing.org/doi/10.1098/rstb.2007.2054},
	doi = {10.1098/rstb.2007.2054},
	number = {1485},
	urldate = {2025-01-04},
	journal = {Philosophical Transactions of the Royal Society B: Biological Sciences},
	author = {Cisek, Paul},
	year = {2007},
	pages = {1585--1599},
}

@article{costall_canonical_2012,
	title = {Canonical affordances in context},
	volume = {3},
	url = {http://avant.edu.pl/wp-content/uploads/AC-Canonical-affordances-in-context.pdf},
	number = {2/2012},
	urldate = {2025-01-04},
	journal = {Avant},
	author = {Costall, Alan},
	year = {2012},
	note = {Publisher: Maria Curie-Sklodowska University},
	pages = {85--93},
}

@misc{doorey_james_2024,
	title = {James {J}. {Gibson}},
	url = {https://www.britannica.com/biography/James-J-Gibson},
	urldate = {2025-01-04},
	journal = {Encyclopedia Britannica},
	author = {Doorey, Marie},
	year = {2024},
}

@article{dotov_understanding_2012,
	title = {Understanding affordances: history and contemporary development of {Gibson}’s central concept},
	url = {https://avant.edu.pl/wp-content/uploads/DDLNMW-Understanding-affordances.pdf},
	number = {2},
	journal = {AVANT},
	author = {Dotov, Dobromir G and Nie, Lin and de Wit, Matthieu M},
	year = {2012},
	pages = {282--295},
}

@article{fodor_how_1981,
	title = {How direct is visual perception?: {Some} reflections on {Gibson}'s “ecological approach”},
	volume = {9},
	shorttitle = {How direct is visual perception?},
	url = {https://linkinghub.elsevier.com/retrieve/pii/0010027781900093},
	doi = {10.1016/0010-0277(81)90009-3},
	number = {2},
	urldate = {2025-01-04},
	journal = {Cognition},
	author = {Fodor, J.A. and Pylyshyn, Z.W.},
	year = {1981},
	pages = {139--196},
}

@inproceedings{gaver_technology_1991,
	address = {New Orleans, Louisiana, United States},
	title = {Technology affordances},
	url = {https://doi.org/10.1145/108844.108856},
	doi = {10.1145/108844.108856},
	urldate = {2025-01-04},
	booktitle = {Proceedings of the {SIGCHI} conference on {Human} factors in computing systems {Reaching} through technology - {CHI} '91},
	publisher = {ACM Press},
	author = {Gaver, William W.},
	year = {1991},
	pages = {79--84},
}

@incollection{heath_methodological_2024,
	address = {Stanford, CA},
	edition = {Summer 2024},
	title = {Methodological {Individualism}},
	url = {https://plato.stanford.edu/archives/sum2024/entries/methodological-individualism/},
	booktitle = {The {Stanford} {Encyclopedia} of {Philosophy}},
	publisher = {Metaphysics Research Lab, Stanford University},
	author = {Heath, Joseph},
	editor = {Zalta, Edward N. and Nodelman, Uri},
	year = {2024},
}

@book{heft_ecological_2001,
	address = {New York},
	title = {Ecological {Psychology} in {Context}: {James} {Gibson}, {Roger} {Barker}, and the {Legacy} of {William} {James}'s {Radical} {Empiricism}},
	shorttitle = {Ecological {Psychology} in {Context}},
	publisher = {Psychology Press},
	author = {Heft, Harry},
	year = {2001},
	doi = {10.4324/9781410600479},
}

@article{hutchins_cognitive_2010,
	title = {Cognitive {Ecology}},
	volume = {2},
	url = {https://onlinelibrary.wiley.com/doi/10.1111/j.1756-8765.2010.01089.x},
	doi = {10.1111/j.1756-8765.2010.01089.x},
	number = {4},
	urldate = {2025-01-04},
	journal = {Topics in Cognitive Science},
	author = {Hutchins, Edwin},
	year = {2010},
	pages = {705--715},
}

@article{james_knowing_1895,
	title = {The knowing of things together},
	volume = {2},
	url = {https://doi.apa.org/doi/10.1037/h0073221},
	doi = {10.1037/h0073221},
	number = {2},
	urldate = {2025-01-04},
	journal = {Psychological Review},
	author = {James, William},
	year = {1895},
	pages = {105--124},
}

@incollection{legg_pragmatism_2024,
	address = {Stanford, CA},
	edition = {Winter 2024},
	title = {Pragmatism},
	url = {https://plato.stanford.edu/archives/win2024/entries/pragmatism/},
	booktitle = {The {Stanford} {Encyclopedia} of {Philosophy}},
	publisher = {Metaphysics Research Lab, Stanford University},
	author = {Legg, Catherine and Hookway, Christopher},
	editor = {Zalta, Edward N. and Nodelman, Uri},
	year = {2024},
}

@article{mace_james_2005,
	title = {James {J}. {Gibson}'s {Ecological} {Approach}: {Perceiving} {What} {Exists}},
	volume = {10},
	shorttitle = {James {J}. {Gibson}'s {Ecological} {Approach}},
	url = {http://muse.jhu.edu/content/crossref/journals/ethics_and_the_environment/v010/10.2mace.html},
	doi = {10.1353/een.2005.0021},
	number = {2},
	urldate = {2025-01-04},
	journal = {Ethics \& the Environment},
	author = {Mace, William M.},
	year = {2005},
	pages = {195--216},
}

@article{masoudi_review_2019,
	title = {A {Review} of {Affordances} and {Affordance}-{Based} {Design} to {Address} {Usability}},
	volume = {1},
	url = {https://www.cambridge.org/core/product/identifier/S2220434219001410/type/journal_article},
	doi = {10.1017/dsi.2019.141},
	number = {1},
	urldate = {2025-01-04},
	journal = {Proceedings of the Design Society: International Conference on Engineering Design},
	author = {Masoudi, Nafiseh and Fadel, Georges M. and Pagano, Christopher C. and Elena, Maria Vittoria},
	year = {2019},
	pages = {1353--1362},
}

@article{michaels_affordances_2003,
	title = {Affordances: {Four} {Points} of {Debate}},
	volume = {15},
	shorttitle = {Affordances},
	url = {http://www.tandfonline.com/doi/abs/10.1207/S15326969ECO1502_3},
	doi = {10.1207/S15326969ECO1502_3},
	number = {2},
	urldate = {2025-01-04},
	journal = {Ecological Psychology},
	author = {Michaels, Claire F.},
	year = {2003},
	pages = {135--148},
}

@book{straus_vom_1956,
	address = {Berlin, Heidelberg},
	title = {Vom {Sinn} der {Sinne}. {Ein} {Beitrag} zur {Grundlegung} der {Psychologie} [{From} the sense of the senses. {Contribution} to the foundation of psychology]},
	url = {http://link.springer.com/10.1007/978-3-642-66976-7},
	urldate = {2025-01-04},
	publisher = {Springer},
	author = {Straus, Erwin},
	year = {1956},
	doi = {10.1007/978-3-642-66976-7},
}

@article{swenson_thermodynamic_1991,
	title = {Thermodynamic {Reasons} for {Perception}--{Action} {Cycles}},
	volume = {3},
	url = {http://www.tandfonline.com/doi/abs/10.1207/s15326969eco0304_2},
	doi = {10.1207/s15326969eco0304_2},
	number = {4},
	urldate = {2025-01-04},
	journal = {Ecological Psychology},
	author = {Swenson, R. and Turvey, M.T.},
	year = {1991},
	pages = {317--348},
}

@article{wagman_hierarchical_2016,
	title = {Hierarchical nesting of affordances in a tool use task},
	volume = {42},
	url = {https://doi.apa.org/doi/10.1037/xhp0000251},
	doi = {10.1037/xhp0000251},
	number = {10},
	urldate = {2025-01-04},
	journal = {Journal of Experimental Psychology: Human Perception and Performance},
	author = {Wagman, Jeffrey B. and Caputo, Sarah E. and Stoffregen, Thomas A.},
	year = {2016},
	pages = {1627--1642},
}

@article{wong_whose_2016,
	title = {Whose {Tools} {Are} {These}?},
	volume = {316},
	url = {https://www.scientificamerican.com/article/monkeys-make-stone-ldquo-tools-rdquo-that-bear-a-striking-resemblance-to-early-human-artifacts},
	doi = {10.1038/scientificamerican0117-10},
	number = {1},
	urldate = {2025-01-04},
	journal = {Scientific American},
	author = {Wong, Kate},
	year = {2016},
	pages = {10--12},
}

@book{uexkull_umwelt_2022,
	address = {London},
	title = {Umwelt und {Innenwelt} der {Tiere}},
	publisher = {Legare Street Press},
	author = {Uexküll, Jakob von},
	year = {2022},
}

@book{zuk_sex_2011,
	address = {New York},
	title = {Sex on {Six} {Legs}: {Lessons} on {Life}, {Love}, and {Language} from the {Insect} {World}},
	shorttitle = {Sex on {Six} {Legs}},
	publisher = {Houghton Mifflin Harcourt},
	author = {Zuk, M.},
	year = {2011},
	note = {OCLC: ocn743297138},
}

@book{schultz_history_2012,
	address = {Singapore},
	edition = {10th},
	title = {A {History} of {Modern} {Psychology}},
	publisher = {Cengage Learning},
	author = {Schultz, Duane P. and Schultz, Sydney Ellen},
	year = {2012},
	note = {OCLC: ocn711789946},
}

@article{strelau_panorama_2010,
	title = {Panorama psychologii w {Polsce} po {II} wojnie światowej, ze szczególnym akcentem na pierwsze dekady okresu powojennego [{The} panorama of psychology in {Poland} after the {Second} {World} {War}: emphasis on the first decade of the post-war period]},
	volume = {16},
	url = {http://www.czasopismopsychologiczne.pl/files/articles/2010-16-panorama-psychologii-w-polsce-po-ii-wojnie-wiatowej_-ze-szczeglnym-akcentem-na-pierwsze-dekady-okresu-powojennego.pdf},
	number = {1},
	urldate = {2025-01-04},
	journal = {Czasopismo Psychologiczne},
	author = {Strelau, Jan},
	year = {2010},
	note = {Publisher: Stowarzyszenie Psychologia i Architektura},
	pages = {7--19},
}

@incollection{shaw_ecological_1982,
	address = {Mahwah},
	title = {Ecological {Psychology}: {The} {Consequence} of a {Commitment} to {Realism}},
	shorttitle = {Ecological {Psychology}},
	booktitle = {Cognition and the {Symbolic} {Processes}},
	publisher = {Lawrence Erlbaum Associates},
	author = {Shaw, Robert and Turvey, M. T. and Mace, William},
	editor = {Weimer, Walter B. and Palermo, David S.},
	year = {1982},
	note = {Num Pages: 68},
	pages = {159--226},
}

@book{robbins_cambridge_2008,
	edition = {1},
	title = {The {Cambridge} {Handbook} of {Situated} {Cognition}},
	url = {https://www.cambridge.org/core/product/identifier/9780511816826/type/book},
	urldate = {2025-01-04},
	publisher = {Cambridge University Press},
	editor = {Robbins, Philip and Aydede, Murat},
	year = {2008},
	doi = {10.1017/CBO9780511816826},
}

@book{norman_psychology_1988,
	address = {New York},
	title = {The {Psychology} of {Everyday} {Things}},
	publisher = {Basic Books},
	author = {Norman, Donald A.},
	year = {1988},
	note = {Open Library ID: OL2409159M},
}

@book{millikan_language_1984,
	address = {Cambridge, MA},
	title = {Language, {Thought}, and {Other} {Biological} {Categories}: {New} {Foundations} for {Realism}},
	shorttitle = {Language, {Thought}, and {Other} {Biological} {Categories}},
	url = {https://direct.mit.edu/books/book/5427/Language-Thought-and-Other-Biological},
	urldate = {2025-01-04},
	publisher = {The MIT Press},
	author = {Millikan, Ruth Garrett},
	year = {1984},
	doi = {10.7551/mitpress/4124.001.0001},
}

@book{lewin_field_1951,
	address = {New York},
	title = {Field {Theory} in {Social} {Science}},
	url = {http://archive.org/details/fieldtheoryinsoc0000kurt},
	urldate = {2025-01-04},
	publisher = {Harper \& Brothers},
	author = {Lewin, Kurt},
	year = {1951},
}

@book{lewicki_procesy_1960,
	address = {Warszawa},
	edition = {1},
	title = {Procesy poznawcze i orientacja w otoczeniu [{The} {Cognitive} {Processes} and {Orientation} in the {Environment}]},
	publisher = {Państwowe Wydawnictwo Naukowe},
	author = {Lewicki, Andrzej},
	year = {1960},
}

@book{lave_cognition_1988,
	address = {Cambridge},
	title = {Cognition in {Practice}: {Mind}, {Mathematics} and {Culture} in {Everyday} {Life}},
	shorttitle = {Cognition in {Practice}},
	url = {https://www.cambridge.org/core/books/cognition-in-practice/2AF0745B4B8636436A1DF8AAF374BB9E},
	urldate = {2025-01-04},
	publisher = {Cambridge University Press},
	author = {Lave, Jean},
	year = {1988},
	doi = {10.1017/CBO9780511609268},
}

@book{kohler_mentality_1925,
	address = {London},
	title = {The {Mentality} of {Apes}},
	url = {http://archive.org/details/in.ernet.dli.2015.187610},
	urldate = {2025-01-04},
	publisher = {Kegan Paul \& Co},
	author = {Köhler, Wolfgang},
	translator = {Winter, Ella},
	year = {1925},
}

@book{koffka_principles_1935,
	address = {New York},
	title = {Principles of {Gestalt} {Psychology}},
	url = {http://archive.org/details/in.ernet.dli.2015.7888},
	urldate = {2025-01-04},
	publisher = {Harcourt, Brace and Company},
	author = {Koffka, K.},
	year = {1935},
}

@book{holt_concept_1914,
	address = {London},
	title = {The {Concept} of {Consciousness}},
	url = {http://archive.org/details/conceptofconscio00holt},
	urldate = {2025-01-04},
	publisher = {George Allen \& Company},
	author = {Holt, Edwin B. (Edwin Bissell)},
	year = {1914},
}

@incollection{hochberg_james_1994,
	address = {Washington},
	title = {James {Jerome} {Gibson} 1904–1979},
	url = {https://nap.nationalacademies.org/read/4560/chapter/10},
	urldate = {2025-01-04},
	booktitle = {Biographical {Memoirs}: {Volume} 63},
	publisher = {National Academy Press},
	author = {Hochberg, Julian},
	year = {1994},
	doi = {10.17226/4560},
	pages = {150--171},
}

@book{herasescribano_philosophy_2019,
	address = {London},
	title = {The {Philosophy} of {Affordances}},
	url = {http://link.springer.com/10.1007/978-3-319-98830-6},
	urldate = {2025-01-04},
	publisher = {Palgrave Macmillan},
	author = {Heras-Escribano, Manuel},
	year = {2019},
	doi = {10.1007/978-3-319-98830-6},
}

@book{gibson_ecological_2015,
	address = {Hove, East Sussex},
	series = {Psychology {Press} classic editions},
	title = {The {Ecological} {Approach} to {Visual} {Perception}},
	shorttitle = {The ecological approach to visual perception},
	publisher = {Psychology Press},
	author = {Gibson, James J.},
	year = {2015},
}

@book{gibson_ecological_1979,
	address = {Boston, MA},
	title = {The {Ecological} {Approach} to {Visual} {Perception}},
	publisher = {Houghton, Mifflin and Company},
	author = {Gibson, James J.},
	year = {1979},
}

@book{gibson_senses_1966,
	address = {Boston, MA},
	title = {The {Senses} {Considered} as {Perceptual} {Systems}},
	publisher = {Houghton Mifflin},
	author = {Gibson, James J.},
	year = {1966},
}

@book{gibson_principles_1969,
	address = {New York},
	series = {Century psychology series},
	title = {Principles of {Perceptual} {Learning} and {Development}},
	publisher = {Appleton-Century-Crofts},
	author = {Gibson, Eleanor Jack},
	year = {1969},
}

@book{dembowski_psychologia_1946,
	address = {Warszawa},
	title = {Psychologia zwierząt [{Animal} {Psychology}]},
	publisher = {Czytelnik},
	author = {Dembowski, Jan},
	year = {1946},
}

@article{costall_textbook_2015,
	title = {The “textbook {Gibson}”: {The} assimilation of dissidence.},
	volume = {18},
	shorttitle = {The ``textbook {Gibson}''},
	doi = {10.1037/a0038398},
	number = {1},
	urldate = {2025-01-04},
	journal = {History of Psychology},
	author = {Costall, Alan and Morris, Paul},
	year = {2015},
	pages = {1--14},
}

@incollection{costall_closer_1989,
	address = {New York, NY},
	series = {Keele cognition seminars, 2.},
	title = {A closer look at 'direct perception'},
	booktitle = {Cognition and {Social} {Worlds}},
	publisher = {Clarendon Press/Oxford University Press},
	author = {Costall, Alan},
	year = {1989},
	pages = {10--21},
}

@incollection{piattellipalmarini_cognitive_1980,
	address = {Cambridge, MA},
	title = {On {Cognitive} {Structures} and their {Development}: {A} reply to {Piaget}},
	url = {https://archive.org/details/languagelearning0000unse_x3z5/},
	urldate = {2025-01-04},
	booktitle = {Language and {Learning}: {The} {Debate} {Between} {Jean} {Piaget} and {Noam} {Chomsky}},
	publisher = {Harvard University Press},
	author = {Chomsky, N.},
	editor = {Piattelli-Palmarini, Massimo},
	year = {1980},
	pages = {35--54},
}

@book{bateson_steps_1972,
	address = {Chicago},
	title = {Steps to an {Ecology} of {Mind}},
	url = {https://www.rauterberg.employee.id.tue.nl/lecturenotes/DDM110%20CAS/Bateson-1972%20Steps%20to%20an%20ecology%20of%20mind.pdf},
	urldate = {2025-01-05},
	publisher = {University of Chicago Press},
	author = {Bateson, G.},
	year = {1972},
}

@book{adrian_o_1948,
	address = {Warszawa},
	series = {Biblioteka {Wiedzy} {Współczesnej}},
	title = {O fizycznym podłożu wrażeń zmysłowych [{About} physical basis of sensual impresions]},
	number = {1},
	publisher = {Spółdzielnia Wydawnicza "Książka"},
	author = {Adrian, Edgar Douglas},
	translator = {Szwejcerowa-Gruszczyńska, Aniela and Konorski, Jerzy},
	year = {1948},
}


@book{gibson_perception_1950,
  author    = {Gibson, James J.},
  title     = {{The} {Perception} of the {Visual} {World}},
  year      = {1950},
  publisher = {Riverside Press},
  address   = {Cambridge, MA}
}



@book{uexkull_umwelt_1921,
  author    = {Uexküll, Jakob von},
  title     = {{Umwelt} und {Innenwelt} der {Tiere}},
  year      = {1921},
  publisher = {Springer},
  address   = {Berlin, Heidelberg}
}
